
@Inbook{zombie-math,
  author = {Langtangen, Hans Petter and Mardal, Kent-Andre and R{\o}tnes, P{\aa}l},
  title = {Escaping the Zombie Threat by Mathematics},
  year = {2013},
  booktitle = { Zombies in the Academy: living death in higher education},
  editor = { Andrew Whelan, Chris Moore and Ruth Walker},
  publisher = {University of Chicago Press},
  chapter = {3.6 },
  pages = {x-y}
}

