@book{murray2002mathematical,
  title={Mathematical Biology: I. An Introduction},
  author={Murray, J.D.},
  isbn={9780387952239},
  lccn={2001020448},
  series={Interdisciplinary Applied Mathematics},
  url={http://books.google.no/books?id=4WbpP90Gk1YC},
  year={2002},
  publisher={Springer}
}
