@misc{walking_dead,
 author = {"F. Darabont and G. A. Hurd"},
 title = {"Walking dead: season 1"},
 year = {2010-2011},
}

