@book{tveito2005introduction,
  title={Introduction to partial differential equations: a computational approach},
  author={Tveito, Aslak and Winther, Ragnar},
  volume={29},
  year={2005},
  publisher={Springer}
}
