@book{Langtangen_2012,
  title = {{P}ython Scripting for Computational Science},
  author = {H. P. Langtangen},
  year = {2012},
  publisher = {Springer},
  series = {Texts in Computational Science and Engineering},
  edition = {Third},
}

@inbook{zombie-math,
  title = {Escaping the Zombie Threat by Mathematics},
  author = {Hans Petter Langtangen and Kent-Andre Mardal and P{\aa}l R{\o}tnes},
  editor = {Chris Moore Andrew Whelan and Ruth Walker},
  year = {2013},
  booktitle = {Zombies in the Academy: living death in higher education},
  publisher = {University of Chicago Press},
  chapter = {3.6},
  pages = {x-y},
}

@techreport{CBC_births_2012,
  title = {Births: Final Data From 2012},
  author = {Joyce A. Martin and Brady E. Hamilton and Michelle J.K. Osterman and Sally C. Curtin and T.J. Mathews},
  year = {2013},
  institution = {Division of Vital Statistics},
}

@techreport{CBC_deaths_2011,
  title = {Deaths:Preliminary Data for 2011},
  author = {Donna L.Hoyert and Jiaquan Xu},
  year = {2012},
  institution = {Division of Vital Statistics},
}
