@Book{Langtangen_2012,
author = 	{H. P. Langtangen},
title = 	{Python Scripting for Computational Science},
series = 	{Texts in Computational Science and Engineering},
publisher = {Springer},
year = 		{2012},
edition = 	{Third},
}

@techreport{CBC_births_2012,
author =	{ Joyce A. Martin and Brady E. Hamilton and Michelle J.K. Osterman and Sally C. Curtin and T.J. Mathews}, 
title =	{Births: Final Data from 2012},
institution=	{Division of Vital Statistics},
year =		{2013},
}

@techreport{CBC_deaths_2011,
author =	{Donna L.Hoyert and Jiaquan Xu}, 
title =	{Deaths:Preliminary Data for 2011},
institution=	{Division of Vital Statistics},
year =		{2012},
}
