@article{perelson1999mathematical,
  title={Mathematical analysis of HIV-1 dynamics in vivo},
  author={Perelson, Alan S and Nelson, Patrick W},
  journal={SIAM review},
  volume={41},
  number={1},
  pages={3--44},
  year={1999},
  publisher={SIAM}
}
