@article{xiao2013predicting,
  title={Predicting the HIV/AIDS epidemic and measuring the effect of mobility in mainland China},
  author={Xiao, Yanni and Tang, Sanyi and Zhou, Yicang and Smith, Robert J and Wu, Jianhong and Wang, Ning},
  journal={Journal of theoretical biology},
  volume={317},
  pages={271--285},
  year={2013},
  publisher={Elsevier}
}
