@techreport {zombie-math,
	title = {Escaping the Zombie Threat by Mathematics},
	institution ={Simula},
	year = {2012},
	author = {Hans Petter Langtangen and Kent-Andre Mardal and P{\r a}l R{\o}tnes}
}
