@article{munz2009zombies,
  title = {When Zombies Attack!: Mathematical Modelling of an Outbreak of Zombie Infection},
  author = {Philip Munz and Ioan Hudea and Joe Imad and Robert J. Smith},
  year = {2009},
  journal = {Infectious Disease Modelling Research Progress},
  volume = {4},
  pages = {133--150},
}

@article{isham1988mathematical,
  title = {Mathematical Modelling of the Transmission Dynamics of HIV Infection and AIDS: a Review},
  author = {Valerie Isham},
  year = {1988},
  journal = {Journal of the Royal Statistical Society. Series A (Statistics in Society)},
  publisher = {JSTOR},
  pages = {5--49},
}

@article{perelson1999mathematical,
  title = {Mathematical Analysis of HIV-1 Dynamics in Vivo},
  author = {Alan S. Perelson and Patrick W. Nelson},
  year = {1999},
  journal = {SIAM review},
  publisher = {SIAM},
  volume = {41},
  number = {1},
  pages = {3--44},
}

@article{xiao2013predicting,
  title = {Predicting the HIV/AIDS Epidemic and Measuring the Effect of Mobility in Mainland China},
  author = {Yanni Xiao and Sanyi Tang and Yicang Zhou and Robert J. Smith and Jianhong Wu and Ning Wang},
  year = {2013},
  journal = {Journal of Object Technology},
  publisher = {Elsevier},
  volume = {317},
  pages = {271--285},
}

@article{hjorth2011computational,
  title = {Computational Physics},
  author = {Morten Hjorth-Jensen},
  year = {2011},
  journal = {Lecture notes},
}

@article{marsaglia2003xorshift,
  title = {Xorshift Rngs},
  author = {George Marsaglia},
  year = {2003},
  journal = {Journal of Statistical Software},
  volume = {8},
  number = {14},
  pages = {1--6},
}

@book{Langtangen_2012,
  title = {{P}ython Scripting for Computational Science},
  author = {H. P. Langtangen},
  year = {2012},
  publisher = {Springer},
  series = {Texts in Computational Science and Engineering},
  edition = {Third},
}

@book{murray2002mathematical,
  title = {Mathematical Biology: I. an Introduction},
  author = {J.D. Murray},
  year = {2002},
  publisher = {Springer},
  url = {http://books.google.no/books?id=4WbpP90Gk1YC},
  isbn = {9780387952239},
  series = {Interdisciplinary Applied Mathematics},
  lccn = {2001020448},
}

@book{murray2003mathematical,
  title = {Mathematical Biology II: Spatial Models and Biomedical Applications},
  author = {J.D. Murray},
  year = {2003},
  publisher = {Springer},
  url = {http://books.google.no/books?id=2d-RLuD\_MX8C},
  isbn = {9780387952284},
  series = {Intercisciplinary Applied Mathematics: Mathematical Biology},
  lccn = {2001020448},
}

@inbook{zombie-math,
  title = {Escaping the Zombie Threat by Mathematics},
  author = {Hans Petter Langtangen and Kent-Andre Mardal and P{\aa}l R{\o}tnes},
  year = {2013},
  booktitle = {Zombies in the Academy: living death in higher education},
  publisher = {University of Chicago Press},
  chapter = {3.6},
  pages = {x-y},
}

@techreport{CBC_births_2012,
  title = {Births: Final Data From 2012},
  author = {Joyce A. Martin and Brady E. Hamilton and Michelle J.K. Osterman and Sally C. Curtin and T.J. Mathews},
  year = {2013},
  institution = {Division of Vital Statistics},
}

@techreport{CBC_deaths_2011,
  title = {Deaths:Preliminary Data for 2011},
  author = {Donna L.Hoyert and Jiaquan Xu},
  year = {2012},
  institution = {Division of Vital Statistics},
}

@misc{walking_dead,
  title = {Walking Dead: Season 1},
  author = {F. Darabont and G. A. Hurd},
  year = {2010-2011},
}
