@article{hjorth2011computational,
  title={Computational physics},
  author={Hjorth-Jensen, Morten},
  journal={Lecture notes},
  year={2011}
}
