@misc{who_hiv,
  title={10 facts on HIV/AIDS},
  author={World Health Organization},
  year= {2014},
  howpublished = {\url{http://www.who.int/features/factfiles/hiv/en/}}
}



